@MISC{STL,
  AUTHOR="SGI",
  TITLE="{C++ Standard Template Library (STL)}",
  NOTE="\url{http://www.sgi.com/tech/stl}",
}

@MISC{GCC,
  AUTHOR="GCC",
  TITLE="{GNU/GCC, the GNU compiler collection}",
  NOTE="\url{http://gcc.gnu.org}",
}

@BOOK{ISO-C++,
  AUTHOR="ISO/IEC",
  TITLE="{International Standard for C++}",
  EDITION="$2^{st}$",
  PUBLISHER="International Organization for Standardization (ISO)",
  YEAR="2003",
  NOTE="\url{http://www.ansi.org}",
}
@MISC{Dev-C++,
  AUTHOR="Bloodshed Software",
  TITLE="{Dev-C++}",
  NOTE="\url{http://www.bloodshed.net/devcpp.html}",
}

@BOOK{Stroustrup,
  AUTHOR="Bjarne Stroustrup",
  TITLE="{The C++ Programming Language}",
  PUBLISHER="Addison-Wesley",
  EDITION="special",
  YEAR="2000"
}

@BOOK{Eckel,
  AUTHOR="Bruce Eckel",
  TITLE="{Thinking in C++, Volume 1: Introduction to Standard C++}",
  PUBLISHER="Prentice Hall",
  EDITION="$2^{nd}$",
  YEAR="2000",
  NOTE="Liberamente scaricabile da \url{http://www.bruceeckel.com}. Disponibile anche in versione italiana edita da Apogeo.",
}

@BOOK{Savy,
  AUTHOR="Carlo Savy",
  TITLE="{Da C++ ad UML: guida alla progettazione}",
  PUBLISHER="Mc Graw Hill",
  YEAR="2000"
}

@BOOK{FadiniSavy,
  AUTHOR="Fadini, Bruno and Savy, Carlo",
  TITLE="{Fondamenti di Informatica II}",
  PUBLISHER="Liguori Editore",
  YEAR="2000"
}

@BOOK{GoF,
  AUTHOR="Gamma, E. and Helm, R. and Johnson, R. and Vlissides, J.",
  TITLE="{Design Patterns: Elements of Reusable Object-Oriented Software}",
  PUBLISHER="Addison-Wesley",
  YEAR="1995",
}

@BOOK{EffC++,
  AUTHOR="Scott Meyers",
  TITLE="{Effective C++: 55 Specific Ways to Improve Your Programs and Designs}",
  PUBLISHER="Addison-Wesley",
  EDITION="$3^{rd}$",
  YEAR="2005",
}

@BOOK{MoreEffC++,
  AUTHOR="Scott Meyers",
  TITLE="{More Effective C++: 35 New Ways to Improve Your Programs and Designs}",
  PUBLISHER="Addison-Wesley",
  YEAR="1995",
}

@BOOK{Alexandrescu,
  AUTHOR="Andrei Alexandrescu",
  TITLE="{Modern C++ Design: Generic Programming and Design Patterns Applied}",
  PUBLISHER="Addison-Wesley",
  YEAR="2001",
}